@ONLINE{molDymCourse,
	author = {Lars Pastewka and Wolfram NÃ¶hring},
	title = {Molecular Dynamics Course},
	year = {2021},
	url = {https://imtek-simulation.github.io/MolecularDynamics/},
	urldate = {2021-07-28}	
}


@article{berendsen1984molecular,
  title={Molecular dynamics with coupling to an external bath},
  author={Berendsen, Herman JC and Postma, JPM van and Van Gunsteren, Wilfred F and DiNola, ARHJ and Haak, Jan R},
  journal={The Journal of chemical physics},
  volume={81},
  number={8},
  pages={3684--3690},
  year={1984},
  publisher={American Institute of Physics}
}

@article{gupta1981lattice,
  title={Lattice relaxation at a metal surface},
  author={Gupta, Raju P},
  journal={Physical Review B},
  volume={23},
  number={12},
  pages={6265},
  year={1981},
  publisher={APS}
}
@article{cleri1993tight,
  title={Tight-binding potentials for transition metals and alloys},
  author={Cleri, Fabrizio and Rosato, Vittorio},
  journal={Physical Review B},
  volume={48},
  number={1},
  pages={22},
  year={1993},
  publisher={APS}
}